@incollection{awodeysurvey,
  title={Type theory and homotopy},
  author={Awodey, Steve},
  booktitle={Epistemology versus Ontology},
  pages={183--201},
  year={2012},
  publisher={Springer}
}

@article{pelayosurvey,
  title={Homotopy type theory and {V}oevodsky's univalent foundations},
  author={Pelayo, {\'A}lvaro and Warren, Michael A},
  journal={arXiv preprint arXiv:1210.5658},
  year={2012}
}

@inproceedings{groupoidinterpretation,
  title={The Groupoid Interpretation of Type Theory},
  author={Hofmann, Martin and Streicher, Thomas},
  booktitle={In Venice Festschrift},
  year={1996}
}
                  
@article{mlttOLD,
  title={An intuitionistic theory of types: Predicative part},
  author={Martin-L{\"o}f, Per},
  journal={Studies in Logic and the Foundations of Mathematics},
  volume={80},
  pages={73--118},
  year={1975},
  publisher={Elsevier}
}

@inproceedings{mltt,
  title={Constructive mathematics and computer programming},
  author={Martin-L{\"o}f, Per},
  booktitle={Proc. of a discussion meeting of the Royal Society of London on Mathematical logic and programming languages},
  pages={167--184},
  year={1985},
  organization={Prentice-Hall, Inc.}
}

@incollection{collapsibility,
  title={Inductive families need not store their indices},
  author={Brady, Edwin and McBride, Conor and McKinna, James},
  booktitle={Types for Proofs and Programs},
  pages={115--129},
  year={2004},
  publisher={Springer}
}

@article{definablequotients,
  title={Definable Quotients in Type Theory},
  author={Altenkirch, Thorsten and Anberr{\'e}e, Thomas and Li, Nuo}
}

@article{fundamentalgroup,
  title={Calculating the Fundamental Group of the Circle in Homotopy Type Theory},
  author={Licata, Daniel R and Shulman, Michael},
  journal={arXiv preprint arXiv:1301.3443},
  year={2013}
}

@incollection{eliminatingdependentpatternmatching,
  title={Eliminating dependent pattern matching},
  author={Goguen, Healfdene and McBride, Conor and McKinna, James},
  booktitle={Algebra, Meaning, and Computation},
  pages={521--540},
  year={2006},
  publisher={Springer}
}

@mastersthesis{rijkehott,
  title={Homotopy type theory},
  author={Rijke, Egbert M},
  school={Universiteit Utrecht},
  year={2012}
}

@article{bcmethod,
  title={Modelling general recursion in type theory},
  author={Bove, Ana and Capretta, Venanzio},
  journal={Mathematical Structures in Computer Science},
  volume={15},
  number={4},
  pages={671--708},
  year={2005},
  publisher={Cambridge Univ Press}
}

@book{nuprl,
  title={Implementing mathematics with the Nuprl proof development system},
  author={Constable, RL and Allen, SF and Bromley, HM and Cleaveland, WR and Cremer, JF and Harper, RW and Howe, DJ and Knoblock, TB and Mendler, NP and Panangaden, P and others},
  year={1986},
  publisher={Prentice Hall}
}

@comment{
@misc{univalencevsextraction,
  author = {Schulman, Michael},
  title = {Univalence versus Extraction),
  month = {jan},
  year = {2012},
  note = {\url{http://homotopytypetheory.org/2012/01/22/univalence-versus-extraction/}}
}
}

@incollection{letouzeyextraction,
  title={A new extraction for {C}oq},
  author={Letouzey, Pierre},
  booktitle={Types for proofs and programs},
  pages={200--219},
  year={2003},
  publisher={Springer}
}

@book{coqart,
  title={Interactive theorem proving and program development: Coq'Art: the calculus of inductive constructions},
  author={Bertot, Yves and Cast{\'e}ran, Pierre},
  year={2004},
  publisher={Springer-Verlag New York Incorporated}
}
                  
@inproceedings{timecomplexity,
  title={Lightweight semiformal time complexity analysis for purely functional data structures},
  author={Danielsson, Nils Anders},
  booktitle={ACM SIGPLAN Notices},
  volume={43},
  number={1},
  pages={133--144},
  year={2008},
  organization={ACM}
}

@inproceedings{depmatch,
  title={Pattern matching with dependent types},
  author={Coquand, Thierry},
  booktitle={Informal proceedings of Logical Frameworks},
  volume={92},
  pages={66--79},
  year={1992}
}

@article{abstractsigma,
  title={Abstract types have existential type},
  author={Mitchell, John C and Plotkin, Gordon D},
  journal={ACM Transactions on Programming Languages and Systems (TOPLAS)},
  volume={10},
  number={3},
  pages={470--502},
  year={1988},
  publisher={ACM}
}

@inproceedings{wadlerview,
  title={Views: A way for pattern matching to cohabit with data abstraction},
  author={Wadler, Philip},
  booktitle={Proceedings of the 14th ACM SIGACT-SIGPLAN symposium on Principles of programming languages},
  pages={307--313},
  year={1987},
  organization={ACM}
}

@misc{licataview,
  title={{Running Circles Around (In) Your Proof Assistant; or, Quotients that Compute}},
  author={Licata, Daniel R},
  year={2012},
  howpublished={online, \url{http://homotopytypetheory.org/2012/11/12/abstract-types-with-isomorphic-types/}},
  note={[blog post]}
}

@misc{hit-agda,
  title={{Running Circles Around (In) Your Proof Assistant; or, Quotients that Compute}},
  author={Licata, Daniel R},
  year={2011},
  howpublished={online, \url{http://homotopytypetheory.org/2011/04/23/running-circles-around-in-your-proof-assistant/}},
  note={[blog post]}
}

@misc{ntypes,
  title={{Universe $n$ is not an $n$-type}},
  author={Kraus, Nicolai and Sattler, Christian},
  year={2013},
  howpublished={online, \url{http://homotopytypetheory.org/2013/05/15/universe-n-is-not-an-n-type/}},
  note={[blog post]}
}

@inproceedings{canonicity,
  title={Canonicity for 2-dimensional type theory},
  author={Licata, Daniel R and Harper, Robert},
  booktitle={ACM SIGPLAN Notices},
  volume={47},
  number={1},
  pages={337--348},
  year={2012},
  organization={ACM}
}

@misc{canonicityconj,
  title={{Univalent foundations}},
  author={Voevodsky, Vladimir},
  year={2011},
  howpublished={online, \url{http://www.math.ias.edu/~vladimir/Site3/Univalent_Foundations_files/2011_UPenn.pdf}},
  note={[presentation at University of Pennsylvania]}
}

@article{univalencefree,
  title={Univalence for free},
  author={Sozeau, Matthieu and Tabareau, Nicolas and others},
  year={2013}
}

@misc{unsound,
  title={{Postulated computing quotients are unsound}},
  author={Danielsson, Nils Anders},
  year={2012},
  howpublished={online, \url{https://lists.chalmers.se/pipermail/agda/2012/004052.html}},
  note={[Agda mailing list post]}
}

@misc{reducinghits,
  title={{Reducing all HIT's to 1-HIT's}},
  author={Lumsdaine, Peter LeFanu},
  year={2012},
  howpublished={online, \url{http://homotopytypetheory.org/2012/05/07/reducing-all-hits-to-1-hits/}},
  note={[blog post]}
}
