@incollection{awodeysurvey,
  title={Type theory and homotopy},
  author={Awodey, Steve},
  booktitle={Epistemology versus Ontology},
  pages={183--201},
  year={2012},
  publisher={Springer}
}

@article{pelayosurvey,
  title={Homotopy type theory and {V}oevodsky's univalent foundations},
  author={Pelayo, {\'A}lvaro and Warren, Michael A},
  journal={arXiv preprint arXiv:1210.5658},
  year={2012}
}

@inproceedings{groupoidinterpretation,
  title={The Groupoid Interpretation of Type Theory},
  author={Hofmann, Martin and Streicher, Thomas},
  booktitle={In Venice Festschrift},
  year={1996}
}
                  
@article{mlttOLD,
  title={An intuitionistic theory of types: Predicative part},
  author={Martin-L{\"o}f, Per},
  journal={Studies in Logic and the Foundations of Mathematics},
  volume={80},
  pages={73--118},
  year={1975},
  publisher={Elsevier}
}

@inproceedings{mltt,
  title={Constructive mathematics and computer programming},
  author={Martin-L{\"o}f, Per},
  booktitle={Proc. of a discussion meeting of the Royal Society of London on Mathematical logic and programming languages},
  pages={167--184},
  year={1985},
  organization={Prentice-Hall, Inc.}
}

@incollection{collapsibility,
  title={Inductive families need not store their indices},
  author={Brady, Edwin and McBride, Conor and McKinna, James},
  booktitle={Types for Proofs and Programs},
  pages={115--129},
  year={2004},
  publisher={Springer}
}

@article{definablequotients,
  title={Definable Quotients in Type Theory},
  author={Altenkirch, Thorsten and Anberr{\'e}e, Thomas and Li, Nuo}
}

@article{fundamentalgroup,
  title={Calculating the Fundamental Group of the Circle in Homotopy Type Theory},
  author={Licata, Daniel R and Shulman, Michael},
  journal={arXiv preprint arXiv:1301.3443},
  year={2013}
}